
% Would be cited in the document by using \cite{example}
@online{example,
  author = {Author Author},
  title = {How to add a bib entry for a website},
  year = 2022,
  url = {https://example.org},
  urldate = {2022-05-13}
}
